<marc:record xmlns:marc="http://www.loc.gov/MARC21/slim" xmlns:xsi="http://www.w3.org/2001/XMLSchema-instance" xsi:schemaLocation="http://www.loc.gov/MARC21/slim http://www.loc.gov/standards/marcxml/schema/MARC21slim.xsd">
  <marc:leader>     nam a22002415  4500</marc:leader>
  <marc:controlfield tag="001">001676621</marc:controlfield>
  <marc:controlfield tag="003">NNU</marc:controlfield>
  <marc:controlfield tag="005">20001218185703.0</marc:controlfield>
  <marc:controlfield tag="008">900705s1899    le            000 0 ara d</marc:controlfield>
  <marc:datafield tag="035" ind1="9" ind2=" ">
    <marc:subfield code="a">NYUb12219979</marc:subfield>
  </marc:datafield>
  <marc:datafield tag="035" ind1=" " ind2=" ">
    <marc:subfield code="a">(MNU)notisAQB8503</marc:subfield>
  </marc:datafield>
  <marc:datafield tag="035" ind1=" " ind2=" ">
    <marc:subfield code="a">(CStRLIN)MNUGAQB8503-B</marc:subfield>
  </marc:datafield>
  <marc:datafield tag="040" ind1=" " ind2=" ">
    <marc:subfield code="a">MnU</marc:subfield>
    <marc:subfield code="c">MnU</marc:subfield>
  </marc:datafield>
  <marc:datafield tag="100" ind1="1" ind2=" ">
    <marc:subfield code="a">Farḥāt, Jirmānūs,</marc:subfield>
    <marc:subfield code="d">1670 or 71-1732 or 3.</marc:subfield>
  </marc:datafield>
  <marc:datafield tag="240" ind1="1" ind2="0">
    <marc:subfield code="a">Baḥth al-maṭālib fī ʻilm al-ʻArabīyah</marc:subfield>
  </marc:datafield>
  <marc:datafield tag="245" ind1="1" ind2="0">
    <marc:subfield code="a">Kitāb baḥth al-maṭālib fī ʻilm al-ʻArabīyah /</marc:subfield>
    <marc:subfield code="c">Jirmānūs Farḥat ; maʻa ḥawāshin ʻalayhi li-muṣaḥḥihi Saʻīd al-Khūrī al-Shartūnī al-Lubnānī.</marc:subfield>
  </marc:datafield>
  <marc:datafield tag="260" ind1=" " ind2=" ">
    <marc:subfield code="c">1899.</marc:subfield>
  </marc:datafield>
  <marc:datafield tag="300" ind1=" " ind2=" ">
    <marc:subfield code="a">363 p. ;</marc:subfield>
    <marc:subfield code="c">21 cm.</marc:subfield>
  </marc:datafield>
  <marc:datafield tag="700" ind1="1" ind2=" ">
    <marc:subfield code="a">Shartūnī, Saʻīd al-Khūrī,</marc:subfield>
    <marc:subfield code="d">1849-1912.</marc:subfield>
  </marc:datafield>
  <marc:datafield tag="950" ind1=" " ind2=" ">
    <marc:subfield code="l">BMAIN</marc:subfield>
    <marc:subfield code="a">PJ6101</marc:subfield>
    <marc:subfield code="b">.F33 1899</marc:subfield>
  </marc:datafield>
  <marc:datafield tag="955" ind1=" " ind2=" ">
    <marc:subfield code="l">BMAIN</marc:subfield>
    <marc:subfield code="c">1</marc:subfield>
    <marc:subfield code="r">028242777</marc:subfield>
  </marc:datafield>
  <marc:datafield tag="987" ind1=" " ind2=" ">
    <marc:subfield code="a">match points : missing?</marc:subfield>
  </marc:datafield>
  <marc:datafield tag="987" ind1=" " ind2=" ">
    <marc:subfield code="a">tracings : missing?</marc:subfield>
  </marc:datafield>
  <marc:datafield tag="998" ind1=" " ind2=" ">
    <marc:subfield code="s">9115</marc:subfield>
  </marc:datafield>
</marc:record>
